@incollection{guinard2011internet,
  title={From the internet of things to the web of things: Resource-oriented architecture and best practices},
  author={Guinard, Dominique and Trifa, Vlad and Mattern, Friedemann and Wilde, Erik},
  booktitle={Architecting the Internet of Things},
  pages={97--129},
  year={2011},
  publisher={Springer}
}

@inproceedings{guinard2010resource,
  title={A resource oriented architecture for the web of things},
  author={Guinard, Dominique and Trifa, Vlad and Wilde, Erik},
  booktitle={Internet of Things (IOT), 2010},
  pages={1--8},
  year={2010},
  organization={IEEE}
}

@inproceedings{pautasso2008restful,
  title={Restful web services vs. big'web services: making the right architectural decision},
  author={Pautasso, Cesare and Zimmermann, Olaf and Leymann, Frank},
  booktitle={Proceedings of the 17th international conference on World Wide Web},
  pages={805--814},
  year={2008},
  organization={ACM}
}

@misc{jordan2003web,
  title={Web services business process execution language version 2.0},
  author={Jordan, Diane and Evdemon, John and Alves, Alexandre and Arkin, Assaf and Askary, Sid and Barreto, Charlton and Bloch, Ben and Curbera, Francisco and Ford, Mark and Goland, Yaron and others},
  journal={2007434 一 I},
  volume={1},
  year={2003}
}


%related work
@inproceedings{guinard2009towards,
  title={Towards physical mashups in the web of things},
  author={Guinard, Dominique and Trifa, Vlad and Pham, Thomas and Liechti, Olivier},
  booktitle={Networked Sensing Systems (INSS), 2009 Sixth International Conference on},
  pages={1--4},
  year={2009},
  organization={IEEE}
}

@article{mayer2010facilitating,
  title={Facilitating the integration and interaction of real-world services for the web of things},
  author={Mayer, Simon and Guinard, Dominique and Trifa, Vlad},
  journal={Proceedings of Urban Internet of Things--Towards Programmable Real-time Cities (UrbanIOT)},
  year={2010}
}

@inproceedings{ostermaier2010webplug,
  title={Webplug: A framework for the web of things},
  author={Ostermaier, Benedikt and Schlup, Fabian and Romer, Kay},
  booktitle={Pervasive Computing and Communications Workshops (PERCOM Workshops), 2010 8th IEEE International Conference on},
  pages={690--695},
  year={2010},
  organization={IEEE}
}

@inproceedings{moraru2011exposing,
  title={Exposing real world information for the web of things},
  author={Moraru, Alexandra and Mladenic, Dunja and Vucnik, Matevz and Porcius, Maria and Fortuna, Carolina and Mohorcic, Mihael},
  booktitle={Proceedings of the 8th International Workshop on Information Integration on the Web: in conjunction with WWW 2011},
  pages={6},
  year={2011},
  organization={ACM}
}

@inproceedings{nitzsche2007ontology,
  title={An Ontology for Executable Business Processes.},
  author={Nitzsche, J{\"o}rg and Wutke, Daniel and Van Lessen, Tammo},
  booktitle={SBPM},
  year={2007}
}

@misc{WSDLS,
   author = {},
   title = {	Web Service Semantics — WSDL-S, W3C Member Submission, Nov. 2005},
   howpublished = {\url{http://www.w3.org/Submission/WSDL-S/}}
}

@misc{OWLS,
   author = {},
   title = {	OWL-S: Semantic Markup for Web Services, W3C Member Submission, Nov. 2004},
   howpublished = {\url{http://www.w3.org/Submission/OWL-S/}}
}

@article{pautasso2009restful,
  title={RESTful Web service composition with BPEL for REST},
  author={Pautasso, Cesare},
  journal={Data \& Knowledge Engineering},
  volume={68},
  number={9},
  pages={851--866},
  year={2009},
  publisher={Elsevier}
}

@inproceedings{zhang2014research,
  title={Research on IOT RESTful Web Service Asynchronous Composition Based on BPEL},
  author={Zhang, Lili and Yu, Shusong and Ding, Xiangqian and Wang, Xiaodong},
  booktitle={Intelligent Human-Machine Systems and Cybernetics (IHMSC), 2014 Sixth International Conference on},
  volume={1},
  pages={62--65},
  year={2014},
  organization={IEEE}
}

@inproceedings{rauf2010modeling,
  title={Modeling a composite RESTful web service with UML},
  author={Rauf, Irum and Ruokonen, Anna and Systa, Tarja and Porres, Ivan},
  booktitle={Proceedings of the Fourth European Conference on Software Architecture: Companion Volume},
  pages={253--260},
  year={2010},
  organization={ACM}
}

@inproceedings{rathod2015towards,
  title={Towards composition of RESTful web services},
  author={Rathod, Digvijaysinh M and Dahiya, MS and Parikh, Satyen M},
  booktitle={2015 6th International Conference on Computing, Communication and Networking Technologies (ICCCNT)},
  pages={1--6},
  year={2015},
  organization={IEEE}
}

%related work

@inproceedings{syu2012survey,
  title={A survey on automated service composition methods and related techniques},
  author={Syu, Yang and Ma, Shang-Pin and Kuo, Jong-Yih and FanJiang, Yong-Yi},
  booktitle={Services Computing (SCC), 2012 IEEE Ninth International Conference on},
  pages={290--297},
  year={2012},
  organization={IEEE}
}

@inproceedings{lee2013service,
  title={Service Composition with Functional Flexibility Using Nondeterministic Service Interface},
  author={Lee, Chien-Hsiang and Hwang, San-Yih and Yen, I-Ling},
  booktitle={e-Business Engineering (ICEBE), 2013 IEEE 10th International Conference on},
  pages={435--440},
  year={2013},
  organization={IEEE}
}

@misc{Wordnet,
   author = {},
   title = {Wordnet},
   howpublished = {\url{http://wordnet.princeton.edu/}}
}

@misc{wotframework,
   author = {Dave Raggett},
   title = {Web of Things Framework},
   howpublished = {\url{https://www.w3.org/2015/05/wot-framework.pdf}}
}